<record><leader>00000cas a22000007a 4500</leader><controlfield tag="001">9262851</controlfield><controlfield tag="008">830228d18291841meuwr ne      0    0eng  </controlfield><datafield ind1=" " ind2=" " tag="010"><subfield code="a">sn 83009675 </subfield></datafield><datafield ind1=" " ind2=" " tag="040"><subfield code="a">DLC</subfield><subfield code="b">eng</subfield><subfield code="c">DLC</subfield><subfield code="d">NPX</subfield><subfield code="d">NPU</subfield><subfield code="d">NPY</subfield><subfield code="d">DLC</subfield><subfield code="d">YOX</subfield><subfield code="d">MGN</subfield><subfield code="d">MBN</subfield><subfield code="d">OCL</subfield><subfield code="d">MBN</subfield><subfield code="d">OCLCG</subfield><subfield code="d">KRTAS</subfield><subfield code="d">OCLCO</subfield><subfield code="d">OCLCF</subfield><subfield code="d">DLC</subfield></datafield><datafield ind1=" " ind2=" " tag="042"><subfield code="a">msc</subfield></datafield><datafield ind1=" " ind2=" " tag="043"><subfield code="a">n-us-me</subfield></datafield><datafield ind1="0" ind2="0" tag="050"><subfield code="a">Newspaper 8007-X</subfield></datafield><datafield ind1="0" ind2=" " tag="130"><subfield code="a">Portland advertiser and gazette of Maine (Portland, Me. : Weekly)</subfield></datafield><datafield ind1="0" ind2="0" tag="245"><subfield code="a">Portland advertiser and gazette of Maine.</subfield></datafield><datafield ind1=" " ind2=" " tag="260"><subfield code="a">Portland, Me. :</subfield><subfield code="b">J. &amp; W.E. Edwards,</subfield><subfield code="c">1829-1841.</subfield></datafield><datafield ind1=" " ind2=" " tag="300"><subfield code="a">13 v. :</subfield><subfield code="b">ill. ;</subfield><subfield code="c">57-67 cm.</subfield></datafield><datafield ind1=" " ind2=" " tag="310"><subfield code="a">Weekly</subfield></datafield><datafield ind1="0" ind2=" " tag="362"><subfield code="a">Vol. 31, no. 15 (Jan. 20, 1829)-v. 43, no. 8 (Jan. 26, 1841).</subfield></datafield><datafield ind1=" " ind2=" " tag="500"><subfield code="a">Editor: G. Mellen, 1829.</subfield></datafield><datafield ind1=" " ind2=" " tag="525"><subfield code="a">Extras accompany some issues.</subfield></datafield><datafield ind1=" " ind2=" " tag="580"><subfield code="a">Semiweekly ed.: Portland advertiser and gazette of Maine (Portland, Me. : Semiweekly).</subfield></datafield><datafield ind1=" " ind2=" " tag="580"><subfield code="a">Daily eds.: Daily evening Portland advertiser, and: Evening advertiser (Portland, Me.), and: Daily evening advertiser (Portland, Me.), and: Portland evening advertiser (Portland, Me. : 1839).</subfield></datafield><datafield ind1=" " ind2="0" tag="651"><subfield code="a">Portland (Me.)</subfield><subfield code="v">Newspapers.</subfield></datafield><datafield ind1=" " ind2="7" tag="651"><subfield code="a">Maine</subfield><subfield code="z">Portland.</subfield><subfield code="2">fast</subfield><subfield code="0">(OCoLC)fst01213254</subfield></datafield><datafield ind1=" " ind2="7" tag="655"><subfield code="a">Newspapers.</subfield><subfield code="2">fast</subfield><subfield code="0">(OCoLC)fst01423814</subfield></datafield><datafield ind1="1" ind2=" " tag="700"><subfield code="a">Mellen, Grenville,</subfield><subfield code="d">1799-1841.</subfield></datafield><datafield ind1=" " ind2=" " tag="752"><subfield code="a">United States</subfield><subfield code="b">Maine</subfield><subfield code="c">Cumberland</subfield><subfield code="d">Portland.</subfield></datafield><datafield ind1="1" ind2=" " tag="775"><subfield code="t">Portland advertiser and gazette of Maine (Portland, Me. : Semiweekly)</subfield><subfield code="w">(DLC)sn 83009662</subfield></datafield><datafield ind1="1" ind2=" " tag="775"><subfield code="t">Daily evening Portland advertiser</subfield><subfield code="w">(DLC)sn 8309658</subfield></datafield><datafield ind1="1" ind2=" " tag="775"><subfield code="t">Evening advertiser (Portland, Me.)</subfield><subfield code="w">(DLC)sn 8309657</subfield></datafield><datafield ind1="1" ind2=" " tag="775"><subfield code="t">Daily evening advertiser (Portland, Me.)</subfield><subfield code="w">(DLC)sn 8309656</subfield></datafield><datafield ind1="1" ind2=" " tag="775"><subfield code="t">Portland evening advertiser (Portland, Me. : 1839)</subfield><subfield code="w">(DLC)sn 8309659</subfield></datafield><datafield ind1="0" ind2="0" tag="780"><subfield code="t">Gazette of Maine (Portland, Me. : 1825)</subfield><subfield code="x">2575-078X</subfield><subfield code="w">(DLC)sn 83016066</subfield><subfield code="w">(OCoLC)9377649</subfield></datafield><datafield ind1="0" ind2="0" tag="785"><subfield code="t">Portland advertiser (Portland, Me. : 1841 : Weekly)</subfield><subfield code="w">(DLC)sn 8309674</subfield></datafield><datafield ind1=" " ind2=" " tag="938"><subfield code="a">Kirtas Technologies, Inc.</subfield><subfield code="b">KRTS</subfield><subfield code="n">736207</subfield></datafield><datafield ind1="1" ind2=" " tag="029"><subfield code="a">AU@</subfield><subfield code="b">000020121215</subfield></datafield></record>